@article{zhangkun1994,
  author     = {张昆 and 冯立群 and 余昌钰 and others},
  title      = {机器人柔性手腕的球面齿轮设计研究},
  journal    = {清华大学学报: 自然科学版},
  volume     = {34},
  number     = {2},
  pages      = {1--7},
  year       = {1994},
  key        = {zhang1 kun1},
}

@book{zhukezhen1973,
  author     = {竺可桢},
  title      = {物理学论},
  address    = {北京},
  publisher  = {科学出版社},
  year       = {1973},
  pages      = {56--60},
  key        = {zhu2 ke3 zhen1},
}

@inproceedings{dupont1974bone,
  author     = {Dupont, B},
  title      = {Bone marrow transplantation in severe combined immunodeficiency with an unrelated MLC compatible donor},
  editor     = {White, H J and Smith, R},
  booktitle  = {Proceedings of the third annual meeting of the International Society for Experimental Hematology},
  address    = {Houston},
  publisher  = {International Society for Experimental Hematology},
  year       = {1974},
  pages      = {44--46},
}

@mastersthesis{zhengkaiqing1987,
  author     = {郑开青},
  title      = {通讯系统模拟及软件},
  address    = {北京},
  school     = {清华大学无线电系},
  year       = {1987},
  key        = {zheng4 kai1 qing1},
}

@patent{jiangxizhou1980,
  author     = {姜锡洲},
  title      = {一种温热外敷药制备方案},
  address    = {中国},
  number     = {88105607.3},
  date       = {1980-07-26},
  key        = {jiang1 xi1 zhou1},
}

@standard{jianduju1994,
  author     = {中华人民共和国国家技术监督局},
  title      = {GB3100-3102. 中华人民共和国国家标准-量与单位},
  address    = {北京},
  publisher  = {中国标准出版社},
  year       = {1994},
  key        = {zhong1 hua2 ren2 min2 gong4 he2 guo2},
}

@article{merkt1995rotational,
  author     = {Merkt, Fr{\'e}d{\'e}ric and Mackenzie, S R and Softley, Timothy P},
  title      = {Rotational Autoionization Dynamics in High Rydberg States of Nitrogen},
  journal    = {J Chem Phys},
  year       = {1995},
  volume     = {103},
  pages      = {4509--4518},
}

@article{mellinger1996laser,
  author     = {Mellinger, A and Vidal, C R and Jungen, {Ch}},
  title      = {Laser reduced fluorescence study of the carbon monoxide nd triplet Rydberg series - Experimental results and multichannel quantum defect analysis},
  journal    = {J Chem Phys},
  year       = {1996},
  volume     = {104},
  pages      = {8913--8921},
}

@article{bixon1996dynamics,
  author     = {Bixon, M and Jortner, Joshua},
  title      = {The dynamics of predissociating high {Rydberg} states of {NO}},
  journal    = {J Chem Phys},
  year       = {1996},
  volume     = {105},
  pages      = {1363--1382},
}

@article{mahui1995,
  author     = {马辉 and 李俭 and 刘耀明 and others},
  title      = {利用 {REMPI} 方法测量 {BaF} 高里德堡系列光谱},
  journal    = {化学物理学报},
  year       = {1995},
  volume     = {8},
  pages      = {308--311},
  key        = {ma3 hui1},
}

@article{carlson1981two,
  author     = {Carlson, N W and Taylor, A J and Jones, K M and Schawlow, A L},
  title      = {Two-step polarization-labeling spectroscopy of excited states of {Na2}},
  journal    = {Phys Rev A},
  year       = {1981},
  volume     = {24},
  pages      = {822--834},
}

@article{taylor1983scanning,
  author     = {Taylor, A J and Jones, K M and Schawlow, A L},
  title      = {Scanning pulsed-polarization spectrometer applied to {Na2}},
  journal    = {J Opt Soc Am},
  year       = {1983},
  volume     = {73},
  pages      = {994--998},
}

@article{taylor1981study,
  author     = {Taylor, A J and Jones, K M and Schawlow, A L},
  title      = {A study of the excited {1$\Sigma$g+} states in {Na2}},
  journal    = {Opt Commun},
  year       = {1981},
  volume     = {39},
  pages      = {47--50},
}

@article{shimizu1983laser,
  author     = {Shimizu, Kazuko and Shimizu, Fujio},
  title      = {Laser induced fluorescence spectra of the a {3$\Pi$u--X 1$\Sigma$g+} band of {Na2} by molecular beam},
  journal    = {J Chem Phys},
  year       = {1983},
  volume     = {78},
  pages      = {1126--1131},
}

@article{atkinson1982experimental,
  author     = {Atkinson, J B and Becker, J and Demtr{\"o}der, W},
  title      = {Experimental observation of the a {3$\Pi$u} state of {Na2}},
  journal    = {Chem Phys Lett},
  year       = {1982},
  volume     = {87},
  pages      = {92--97},
}

@article{kusch1975perturbations,
  author     = {Kusch, P and Hessel, M M},
  title      = {Perturbations in the A {1$\Sigma$u+} state of {Na2}},
  journal    = {J Chem Phys},
  year       = {1975},
  volume     = {63},
  pages      = {4087--4088},
}

@book{guangxi1993,
  author     = {广西壮族自治区林业厅},
  title      = {广西自然保护区},
  address    = {北京},
  publisher  = {中国林业出版社},
  year       = {1993},
  key        = {guang3 xi1 zhuang4 zu2 zi4 zhi4 qu1},
}

@book{huosini1989guwu,
  author     = {霍斯尼},
  title      = {谷物科学与工艺学原理},
  translator = {李庆龙},
  edition    = {2},
  address    = {北京},
  publisher  = {中国食品出版社},
  year       = {1989},
  pages      = {15--20},
  key        = {huo4 si1 ni2},
}

@book{wangfuzhi1865songlun,
  author     = {王夫之},
  title      = {宋论},
  edition    = {刻本},
  address    = {金陵},
  publisher  = {曾氏},
  year       = {1865（清同治四年）},
  key        = {wang2 fu1 zhi1},
}

@book{zhaoyaodong1998xinshidai,
  author     = {赵耀东},
  title      = {新时代的工业工程师},
  address    = {台北},
  publisher  = {天下文化出版社},
  year       = {1998},
  urldate    = {1998-09-26},
  url        = {http://www.ie.nthu.edu.tw/info/ie.newie.htm},
  key        = {zhao4 yao4 dong1},
}

@standard{biaozhunhua2002tushu,
  author     = {全国信息与文献工作标准化技术委员会出版物格式分委员会},
  title      = {GB/T 12450-2001 图书书名页},
  address    = {北京},
  publisher  = {中国标准出版社},
  year       = {2002},
  pages      = {1},
  key        = {quan2 guo2 xin4 xi1},
}

@book{chubanzhuanye2004,
  author     = {全国出版专业职业资格考试办公室},
  title      = {全国出版专业职业资格考试辅导教材: 出版专业理论与实务•中级},
  edition    = {2014},
  address    = {上海},
  publisher  = {上海辞书出版社},
  year       = {2004},
  pages      = {299--307},
  key        = {quan2 guo2 chu1 ban3 ye4},
}

@techreport{who1970factors,
  author     = {{World Health Organization}},
  title      = {Factors Regulating the Immune Response: Report of {WHO Scientific Group}},
  address    = {Geneva},
  publisher  = {WHO},
  year       = {1970},
}

@book{peebles2001probability,
  author     = {Peebles, Jr, Peyton Z.},
  title      = {Probability, Random Variables, and Random Signal Principles},
  edition    = {4},
  address    = {New York},
  publisher  = {McGraw Hill},
  year       = {2001},
}

@incollection{baishunong1998zhiwu,
  author     = {白书农},
  title      = {植物开花研究},
  editor     = {李承森},
  booktitle  = {植物科学进展},
  address    = {北京},
  publisher  = {高等教育出版社},
  year       = {1998},
  pages      = {146--163},
  key        = {bai2 shu1 nong2},
}

@incollection{weinstein1974pathogenic,
  author     = {Weinstein, L and Swertz, M N},
  title      = {Pathogenic Properties of Invading Microorganism},
  editor     = {Sodeman, Jr, William A and Sodeman, William A},
  booktitle  = {Pathologic physiology: mechanisms of disease},
  address    = {Philadelphia},
  publisher  = {Saunders},
  year       = {1974},
  pages      = {745--772},
}

@inproceedings{hanjiren1985lun,
  author     = {韩吉人},
  title      = {论职工教育的特点},
  editor     = {中国职工教育研究会},
  booktitle  = {职工教育研究论文集},
  address    = {北京},
  publisher  = {人民教育出版社},
  year       = {1985},
  pages      = {90--99},
  key        = {han2 ji2 ren2},
}

@periodical{dizhi1936dizhi,
  author     = {中国地质学会},
  title      = {地质评论},
  year       = {1936},
  volume     = {1},
  number     = {1},
  address    = {北京},
  publisher  = {地质出版社},
  key        = {zhong1 guo2 di4 zhi3 xue2 hui4},
}

@periodical{tushuguan1957tushuguanxue,
  author     = {中国图书馆学会},
  title      = {图书馆学通讯},
  year       = {1957/1990},
  number     = {1--4},
  address    = {北京},
  publisher  = {北京图书馆},
  key        = {zhong1 guo2 tu2 shu1 guan3 xue2 hui4},
}

@periodical{aaas1883science,
  author     = {{American Association for the Advancement of Science}},
  title      = {Science},
  year       = {1883},
  volume     = {1},
  number     = {1},
  address    = {Washington, D.C.},
  publisher  = {American Association for the Advancement of Science},
}

@newspaper{fugang2000fengsha,
  author     = {傅刚 and 赵承 and 李佳路},
  title      = {大风沙过后的思考},
  journal    = {北京青年报},
  date       = {2000-04-12},
  number     = {14},
  urldate    = {2002-03-06},
  url        = {http://www.bjyouth.com.cn/Bqb/20000412/B/4216%5ED0412B1401.htm},
  key        = {fu4 gang1},
}

@online{xiaoyu2001chubanye,
  author     = {萧钰},
  title      = {出版业信息化迈入快车道},
  year       = {2001},
  date       = {2001-12-19},
  urldate    = {2002-04-15},
  url        = {http://www.creader.com/news/20011219/200112190019.htm},
  key        = {xiao1 yu4},
}

@online{oclc2000about,
  author     = {{Online Computer Library Center, Inc}},
  title      = {About {OCLC}: History of Cooperation},
  urldate    = {2000-01-08},
  url        = {http://www.oclc.org/about/cooperation.en.htm},
}

@software{scitor2000project,
  author     = {{Scitor Corporation}},
  title      = {Project scheduler},
  address    = {Sunnyvale, Calif.},
  publisher  = {Scitor Corporation},
  year       = {1983},
  medium     = {DK},
}

-----
@article{liu2017shenmai,
  title={Shenmai injection enhances the cytotoxicity of chemotherapeutic drugs against colorectal cancers via improving their subcellular distribution},
  author={Liu, Wen-yue and Zhang, Jing-wei and Yao, Xue-quan and Jiang, Chao and He, Ji-chao and Ni, Pin and Liu, Jia-li and Chen, Qian-ying and Li, Qing-ran and Zang, Xiao-jie and others},
  journal={Acta Pharmacologica Sinica},
  volume={38},
  number={2},
  pages={264--276},
  year={2017},
  publisher={Nature Publishing Group}
}

@article{bray2018global,
  title={Global cancer statistics 2018: GLOBOCAN estimates of incidence and mortality worldwide for 36 cancers in 185 countries},
  author={Bray, Freddie and Ferlay, Jacques and Soerjomataram, Isabelle and Siegel, Rebecca L and Torre, Lindsey A and Jemal, Ahmedin},
  journal={CA: a cancer journal for clinicians},
  volume={68},
  number={6},
  pages={394--424},
  year={2018},
  publisher={Wiley Online Library}
}


@article{arnold2015global,
  title={Global incidence of oesophageal cancer by histological subtype in 2012},
  author={Arnold, Melina and Soerjomataram, Isabelle and Ferlay, Jacques and Forman, David},
  journal={Gut},
  volume={64},
  number={3},
  pages={381--387},
  year={2015},
  publisher={BMJ Publishing Group}
}

@article{wang2018global,
  title={Global time trends in the incidence of esophageal squamous cell carcinoma},
  author={Wang, Qiao-Li and Xie, Shao-Hua and Wahlin, Karl and Lagergren, Jesper},
  journal={Clinical epidemiology},
  pages={717--728},
  year={2018},
  publisher={Taylor \& Francis}
}

@article{chen2016national,
  title={National cancer incidence and mortality in China, 2012},
  author={Chen, Wanqing and Zheng, Rongshou and Zuo, Tingting and Zeng, Hongmei and Zhang, Siwei and He, Jie},
  journal={Chinese Journal of Cancer Research},
  volume={28},
  number={1},
  pages={1},
  year={2016},
  publisher={Beijing Institute for Cancer Research}
}
----

@phdthesis{袁辉2013基于,
  title={基于 18F-FDGPET/CT 图像的总糖解量对食管鳞癌术后患者预后的预测价值 [D]},
  author={袁辉},
  year={2013},
  school={华中科技大学}
}

@article{木拉提2019新疆哈萨克族食管癌图像特征提取及分型方法的探讨,
  title={新疆哈萨克族食管癌图像特征提取及分型方法的探讨},
  author={木拉提 and 哈米提 and 严传波 and 姚娟 and others},
  journal={北京生物医学工程},
  volume={38},
  number={3},
  pages={257--262},
  year={2019}
}

@article{刘辉2016磁共振扩散加权成像与,
  title={磁共振扩散加权成像与 CT 图像融合技术用于食道癌靶区勾画的应用价值},
  author={刘辉 and 时高峰 and 贾丽涛 and 李敏 and 邵娴},
  journal={河北医药},
  volume={38},
  number={9},
  pages={1348--1350},
  year={2016}
}

@article{li2017simultaneous,
  title={Simultaneous tumor segmentation, image restoration, and blur kernel estimation in PET using multiple regularizations},
  author={Li, Laquan and Wang, Jian and Lu, Wei and Tan, Shan},
  journal={Computer Vision and Image Understanding},
  volume={155},
  pages={173--194},
  year={2017},
  publisher={Elsevier}
}

@inproceedings{liu2017automatic,
  title={An automatic annotation method for early esophageal cancers based on saliency guided superpixel segmentation},
  author={Liu, Ding Yun and Rao, Ni Ni and Mei, Xin Ming and Luo, Cheng Si and Xing, Yao Wen and Gan, Tao},
  booktitle={Proceedings of the International Conference on Bioinformatics and Computational Intelligence},
  pages={21--25},
  year={2017}
}

@article{mistry2018abstract,
  title={Abstract LB-025: A decision support system for the treatment of esophageal cancer},
  author={Mistry, Hitesh and Ortega, Fernando and Brightman, Frances A and Findlay, John M and Middleton, Mark R and Chassagnole, Christophe},
  journal={Cancer Research},
  volume={78},
  number={13\_Supplement},
  pages={LB--025},
  year={2018},
  publisher={AACR}
}

@article{van2014supportive,
  title={Supportive automatic annotation of early esophageal cancer using local gabor and color features},
  author={Van Der Sommen, Fons and Zinger, Svitlana and Schoon, Erik J and De With, Peter HN},
  journal={Neurocomputing},
  volume={144},
  pages={92--106},
  year={2014},
  publisher={Elsevier}
}

@article{wang2015predicting,
  title={Predicting survival of individual patients with esophageal cancer by adaptive neuro-fuzzy inference system approach},
  author={Wang, Chang-Yu and Tsai, Jinn-Tsong and Fang, Chun-Hsiung and Lee, Tsair-Fwu and Chou, Jyh-Horng},
  journal={Applied Soft Computing},
  volume={35},
  pages={583--590},
  year={2015},
  publisher={Elsevier}
}

@inproceedings{hong2017convolutional,
  title={Convolutional neural network classifier for distinguishing Barrett's esophagus and neoplasia endomicroscopy images},
  author={Hong, Jisu and Park, Bo-Yong and Park, Hyunjin},
  booktitle={2017 39th Annual International Conference of the IEEE Engineering in Medicine and Biology Society (EMBC)},
  pages={2892--2895},
  year={2017},
  organization={IEEE}
}

@inproceedings{van2018automatic,
  title={Automatic detection of early esophageal cancer with CNNS using transfer learning},
  author={Van Riel, Sjors and Van Der Sommen, Fons and Zinger, Sveta and Schoon, Erik J and de With, Peter HN},
  booktitle={2018 25th IEEE international conference on image processing (ICIP)},
  pages={1383--1387},
  year={2018},
  organization={IEEE}
}

@article{xue2016cnn,
  title={CNN-SVM for microvascular morphological type recognition with data augmentation},
  author={Xue, Di-Xiu and Zhang, Rong and Feng, Hui and Wang, Ya-Lei},
  journal={Journal of medical and biological engineering},
  volume={36},
  pages={755--764},
  year={2016},
  publisher={Springer}
}

@inproceedings{xue2017fully,
  title={Fully convolutional networks with double-label for esophageal cancer image segmentation by self-transfer learning},
  author={Xue, Di-Xiu and Zhang, Rong and Zhao, Yuan-Yuan and Xu, Jian-Ming and Wang, Ya-Lei},
  booktitle={Ninth International Conference on Digital Image Processing (ICDIP 2017)},
  volume={10420},
  pages={500--504},
  year={2017},
  organization={SPIE}
}

----

@inproceedings{yousefi2018esophageal,
  title={Esophageal gross tumor volume segmentation using a 3D convolutional neural network},
  author={Yousefi, Sahar and Sokooti, Hessam and Elmahdy, Mohamed S and Peters, Femke P and Shalmani, Mohammad T Manzuri and Zinkstok, Roel T and Staring, Marius},
  booktitle={International conference on medical image computing and computer-assisted intervention},
  pages={343--351},
  year={2018},
  organization={Springer}
}

##xue2017fully

@inproceedings{hao2018esophagus,
  title={Esophagus tumor segmentation using fully convolutional neural network and graph cut},
  author={Hao, Zhaojun and Liu, Jiwei and Liu, Jianfei},
  booktitle={Proceedings of 2017 Chinese Intelligent Systems Conference: Volume II},
  pages={413--420},
  year={2018},
  organization={Springer}
}

----

@article{ajani2019esophageal,
  title={Esophageal and esophagogastric junction cancers, version 2.2019, NCCN clinical practice guidelines in oncology},
  author={Ajani, Jaffer A and D’Amico, Thomas A and Bentrem, David J and Chao, Joseph and Corvera, Carlos and Das, Prajnan and Denlinger, Crystal S and Enzinger, Peter C and Fanta, Paul and Farjah, Farhood and others},
  journal={Journal of the National Comprehensive Cancer Network},
  volume={17},
  number={7},
  pages={855--883},
  year={2019},
  publisher={National Comprehensive Cancer Network}
}

@article{kaz2014epigenetic,
  title={Epigenetic biomarkers in esophageal cancer},
  author={Kaz, Andrew M and Grady, William M},
  journal={Cancer letters},
  volume={342},
  number={2},
  pages={193--199},
  year={2014},
  publisher={Elsevier}
}

@article{huo2024hifuse,
  title={HiFuse: Hierarchical multi-scale feature fusion network for medical image classification},
  author={Huo, Xiangzuo and Sun, Gang and Tian, Shengwei and Wang, Yan and Yu, Long and Long, Jun and Zhang, Wendong and Li, Aolun},
  journal={Biomedical Signal Processing and Control},
  volume={87},
  pages={105534},
  year={2024},
  publisher={Elsevier}
}

@article{huo2024spa,
  title={SPA: Self-Peripheral-Attention for central--peripheral interactions in endoscopic image classification and segmentation},
  author={Huo, Xiangzuo and Tian, Shengwei and Yang, Yongxu and Yu, Long and Zhang, Wendong and Li, Aolun},
  journal={Expert Systems with Applications},
  volume={245},
  pages={123053},
  year={2024},
  publisher={Elsevier}
}

----

@inproceedings{long2015fully,
  title={Fully convolutional networks for semantic segmentation},
  author={Long, Jonathan and Shelhamer, Evan and Darrell, Trevor},
  booktitle={Proceedings of the IEEE conference on computer vision and pattern recognition},
  pages={3431--3440},
  year={2015}
}

@inproceedings{cciccek20163d,
  title={3D U-Net: learning dense volumetric segmentation from sparse annotation},
  author={{\c{C}}i{\c{c}}ek, {\"O}zg{\"u}n and Abdulkadir, Ahmed and Lienkamp, Soeren S and Brox, Thomas and Ronneberger, Olaf},
  booktitle={Medical Image Computing and Computer-Assisted Intervention--MICCAI 2016: 19th International Conference, Athens, Greece, October 17-21, 2016, Proceedings, Part II 19},
  pages={424--432},
  year={2016},
  organization={Springer}
}

@inproceedings{zhou2018unet++,
  title={Unet++: A nested u-net architecture for medical image segmentation},
  author={Zhou, Zongwei and Rahman Siddiquee, Md Mahfuzur and Tajbakhsh, Nima and Liang, Jianming},
  booktitle={Deep Learning in Medical Image Analysis and Multimodal Learning for Clinical Decision Support: 4th International Workshop, DLMIA 2018, and 8th International Workshop, ML-CDS 2018, Held in Conjunction with MICCAI 2018, Granada, Spain, September 20, 2018, Proceedings 4},
  pages={3--11},
  year={2018},
  organization={Springer}
}

@inproceedings{huang2020unet,
  title={Unet 3+: A full-scale connected unet for medical image segmentation},
  author={Huang, Huimin and Lin, Lanfen and Tong, Ruofeng and Hu, Hongjie and Zhang, Qiaowei and Iwamoto, Yutaro and Han, Xianhua and Chen, Yen-Wei and Wu, Jian},
  booktitle={ICASSP 2020-2020 IEEE international conference on acoustics, speech and signal processing (ICASSP)},
  pages={1055--1059},
  year={2020},
  organization={IEEE}
}

@inproceedings{jha2020doubleu,
  title={Doubleu-net: A deep convolutional neural network for medical image segmentation},
  author={Jha, Debesh and Riegler, Michael A and Johansen, Dag and Halvorsen, P{\aa}l and Johansen, H{\aa}vard D},
  booktitle={2020 IEEE 33rd International symposium on computer-based medical systems (CBMS)},
  pages={558--564},
  year={2020},
  organization={IEEE}
}

@article{chen2021transunet,
  title={Transunet: Transformers make strong encoders for medical image segmentation},
  author={Chen, Jieneng and Lu, Yongyi and Yu, Qihang and Luo, Xiangde and Adeli, Ehsan and Wang, Yan and Lu, Le and Yuille, Alan L and Zhou, Yuyin},
  journal={arXiv preprint arXiv:2102.04306},
  year={2021}
}

@inproceedings{gao2021utnet,
  title={UTNet: a hybrid transformer architecture for medical image segmentation},
  author={Gao, Yunhe and Zhou, Mu and Metaxas, Dimitris N},
  booktitle={Medical Image Computing and Computer Assisted Intervention--MICCAI 2021: 24th International Conference, Strasbourg, France, September 27--October 1, 2021, Proceedings, Part III 24},
  pages={61--71},
  year={2021},
  organization={Springer}
}

@inproceedings{wang2022uctransnet,
  title={Uctransnet: rethinking the skip connections in u-net from a channel-wise perspective with transformer},
  author={Wang, Haonan and Cao, Peng and Wang, Jiaqi and Zaiane, Osmar R},
  booktitle={Proceedings of the AAAI conference on artificial intelligence},
  volume={36},
  number={3},
  pages={2441--2449},
  year={2022}
}

@inproceedings{ji2021multi,
  title={Multi-compound transformer for accurate biomedical image segmentation},
  author={Ji, Yuanfeng and Zhang, Ruimao and Wang, Huijie and Li, Zhen and Wu, Lingyun and Zhang, Shaoting and Luo, Ping},
  booktitle={Medical Image Computing and Computer Assisted Intervention--MICCAI 2021: 24th International Conference, Strasbourg, France, September 27--October 1, 2021, Proceedings, Part I 24},
  pages={326--336},
  year={2021},
  organization={Springer}
}

@inproceedings{valanarasu2021medical,
  title={Medical transformer: Gated axial-attention for medical image segmentation},
  author={Valanarasu, Jeya Maria Jose and Oza, Poojan and Hacihaliloglu, Ilker and Patel, Vishal M},
  booktitle={Medical Image Computing and Computer Assisted Intervention--MICCAI 2021: 24th International Conference, Strasbourg, France, September 27--October 1, 2021, Proceedings, Part I 24},
  pages={36--46},
  year={2021},
  organization={Springer}
}

@inproceedings{zhang2021transfuse,
  title={Transfuse: Fusing transformers and cnns for medical image segmentation},
  author={Zhang, Yundong and Liu, Huiye and Hu, Qiang},
  booktitle={Medical Image Computing and Computer Assisted Intervention--MICCAI 2021: 24th International Conference, Strasbourg, France, September 27--October 1, 2021, Proceedings, Part I 24},
  pages={14--24},
  year={2021},
  organization={Springer}
}

@inproceedings{cao2022swin,
  title={Swin-unet: Unet-like pure transformer for medical image segmentation},
  author={Cao, Hu and Wang, Yueyue and Chen, Joy and Jiang, Dongsheng and Zhang, Xiaopeng and Tian, Qi and Wang, Manning},
  booktitle={European conference on computer vision},
  pages={205--218},
  year={2022},
  organization={Springer}
}